<?xml version="1.0" encoding="UTF-8"?><record xmlns="http://www.loc.gov/MARC21/slim" xmlns:cinclude="http://apache.org/cocoon/include/1.0" xmlns:zs="http://www.loc.gov/zing/srw/">
  <leader>00303nz  a2200121n  4500</leader>
  <controlfield tag="001">n  95072262 </controlfield>
  <controlfield tag="003">DLC</controlfield>
  <controlfield tag="005">19950721135829.7</controlfield>
  <controlfield tag="008">950721n| acannaab|          |n aaa |||  </controlfield>
  <datafield tag="010" ind1=" " ind2=" ">
    <subfield code="a">n  95072262 </subfield>
  </datafield>
  <datafield tag="040" ind1=" " ind2=" ">
    <subfield code="a">DLC</subfield>
    <subfield code="c">DLC</subfield>
  </datafield>
  <datafield tag="100" ind1="1" ind2="0">
    <subfield code="a">Batten, Sally</subfield>
  </datafield>
  <datafield tag="670" ind1=" " ind2=" ">
    <subfield code="a">Australian crime fiction, c1994:</subfield>
    <subfield code="b">t.p. (Sally Batten)</subfield>
  </datafield>
</record>